





@article{doi:10.1177/02841851660050P224,
author = {P. V. Harper and R. A. Fink and D. B. Charleston and R. N. Beck and K. A. Lathrop and J. P. Evans},
title ={Rapid Brain Scanning with Technetium-99m},
journal = {Acta Radiologica. Diagnosis},
volume = {5},
number = {P2},
pages = {819-831},
year = {1966},
doi = {10.1177/02841851660050P224},

URL = { 
        https://doi.org/10.1177/02841851660050P224
    
},
eprint = { 
        https://doi.org/10.1177/02841851660050P224
    
}

}


