@inproceedings{de1988compilation,
  title={A compilation of accurately measured 2200 ms-1 cross-sections for 101 (n, $\gamma$) reactions},
  author={De Corte, F and Simonits, A},
  booktitle={Proc. Int. Conf. Nucl. Data for Science and Technology, Mito, Japan},
  pages={583},
  year={1988}
}
