% Page generated: 2020/03/22,05:11:11 by EXFOR Web Retrieval System on www.nndc.bnl.gov
% Project: "Multi-platform EXFOR-CINDA-ENDF", IAEA-NDS, 1999-2011
% Please report any problems to V.Zerkin@iaea.org

@article{,
   title="Activation Cross Sections for (n,p), ((n,np)+(n,pn)+ (n,d)), and (n,|a) Reactions in the Region of Z=40 to 58 at 14.4 MeV",
   author={Lu, W. D. and Ranakumar, N. and Fink, R. W. },
   journal={Physical Review, Part C, Nuclear Physics},
   volume={1},
   pages={358},
   year={1970},
   doi={10.1103/PhysRevC.1.358},
   URL={http://dx.doi.org/10.1103/PhysRevC.1.358}
}

@techreport{,
   note={Div. of Tech. Info. U.S. AEC Reports},
   series={TID},
   year={1960},
   number={11929}
}

@phdthesis{,
   note={Thesis or dissertation},
   year={1960},
   misc={EXFOR.11896:Ref.2}
}

@techreport{,
   note={Euratom Reports},
   series={EUR},
   pages={939},
   year={1974},
   number={5182E}
}

@techreport{,
   note={Report from CEC-Countries and CEC to NEANDC},
   series={NEANDC(E)},
   year={1975},
   number={162U},
   type={Progress Report},
   misc={EXFOR.20513:Ref.2}
}

@conference{,
   note={Chemical Nucl. Data Conf.,Canterbury 1971},
   pages={121},
   year={1971},
   misc={EXFOR.20513:Ref.3}
}

@article{,
   journal={Journal of Radioanalytical Chemistry},
   volume={21},
   pages={395},
   year={1974},
   misc={EXFOR.20513:Ref.4}
}

@techreport{,
   title="ACTIVATION CROSS SECTIONS ON ZIRCONIUM AND MOLYBDENUM ISOTOPES INDUCED BY 14.6 MEV NEUTRONS-.",
   author={Fujino, Y. and Hyakutake, M. and Kumabe, I. },
   note={Japanese report to NEANDC},
   series={NEANDC(J)},
   pages={60},
   year={1977},
   number={51},
   type={Progress Report}
}

@techreport{,
   note={Ges.Kernen.-Verwertung, Schiffbau and Schiffahrt},
   series={GKSS},
   year={1985},
   number={85-E-24}
}

@article{,
   title="Measurements of 14 MeV Neutron Activation Cross Sections",
   author={Pepelnik, R. and Andres, B. and Bahal, B. M. },
   journal={Radiation Effects},
   volume={92},
   pages={211},
   year={1986},
   misc={EXFOR.21976:Ref.2}
}

@conference{,
   note={Conf.on Nucl.Data f.Basic a.Appl.Sci.,Santa Fe 1985},
   volume={1},
   pages={211},
   year={1985},
   misc={EXFOR.21976:Ref.3}
}

@techreport{,
   note={Report from CEC-Countries and CEC to NEANDC},
   series={NEANDC(E)},
   volume={(5)},
   pages={32},
   year={1985},
   number={262},
   type={Progress Report},
   misc={EXFOR.21976:Ref.4}
}

@techreport{,
   note={Fed.Rep.Germ.report to the I.N.D.C.},
   series={INDC(GER)},
   pages={32},
   year={1985},
   number={28},
   type={Progress Report},
   misc={EXFOR.21976:Ref.5}
}

@techreport{,
   title="Activation cross section measurements for fusion reactor structural materials at neutron energy from 13.3 to 15.0 MeV using FNS facility",
   author={Ikeda, Y. and Konno, C. and Oishi, K. and Nakamura, T. and Miyade, H. and Kawade, K. and Yamamoto, H. and Katoh, T. },
   note={JAERI Reports},
   series={JAERI},
   year={1988},
   number={1312}
}

@article{,
   title="Activation Cross Sections of Neutron Threshold Reactions on Some Zirconium Isotopes in the 5.4- to 10.6-MeV Energy Range",
   author={Ibn-Majah, M. and Qaim, S. M. },
   journal={Nuclear Science and Engineering},
   volume={104},
   pages={271},
   year={1990},
   doi={10.13182/NSE90-A23725},
   URL={http://dx.doi.org/10.13182/NSE90-A23725}
}

@article{,
   title="Cross Sections of (n,p),(n,|a) and (n,2n) Reactions on Some Isotopes of Zirconium in the Neutron Energy Range of 10-12 MeV and Integral Tests of Differential Cross Section Data using a 14 MeV d(Be) Neutron Spectrum",
   author={Ibn Majah, M. and Chiadli, A. and Sudar, S. and Qaim, S. M. },
   journal={Applied Radiation and Isotopes},
   volume={54},
   pages={655},
   year={2001},
   doi={10.1016/S0969-8043(00)00299-2},
   URL={http://dx.doi.org/10.1016/S0969-8043(00)00299-2}
}

@article{,
   title="Neutron activation cross sections for zirconium isotopes",
   author={Semkova, V. and Bauge, E. and Plompen, A. J. M. and Smith, D. L. },
   journal={Nuclear Physics, Section A},
   volume={832},
   pages={149},
   year={2010},
   doi={10.1016/j.nuclphysa.2009.10.133},
   URL={http://dx.doi.org/10.1016/j.nuclphysa.2009.10.133}
}

@conference{,
   note={1 Int.Worksh.on Acc.Radat.Ind.Activ., Villigen, 2008},
   pages={75},
   year={2008},
   misc={EXFOR.22822:Ref.2}
}

@techreport{,
   note={Euratom Reports},
   series={EUR},
   year={2003},
   number={20820-EN},
   misc={EXFOR.22822:Ref.3}
}

@conference{,
   title="Light Charged-Particle Production Activation Cross Sections of Zr Isotopes from 14 to 20 MeV",
   author={Semkova, V. and Plompen, A. J. M. and Smith, D. L. },
   note={Conf.on Nucl.Data for Sci.and Techn., Santa Fe 2004},
   pages={981},
   year={2004},
   doi={10.1063/1.1945169},
   URL={http://dx.doi.org/10.1063/1.1945169},
   misc={EXFOR.22822:Ref.4}
}

@techreport{,
   note={Euratom Reports},
   series={EUR},
   pages={117},
   year={2007},
   number={22794},
   misc={EXFOR.22822:Ref.5}
}

@conference{,
   note={21.Nucl.Phys.and Solid State Phys.Symp., Bombay 1978},
   volume={2},
   pages={113},
   year={1978}
}

@conference{,
   note={22.Nucl.Phys.and Solid State Phys.Symp.,Madras 1979},
   volume={2},
   pages={85},
   year={1979},
   misc={EXFOR.30574:Ref.2}
}

@article{,
   title="Cross Sections of the (n,p) Reaction on Zirconium Isotopes",
   author={Marcinkowski, A. and Garuska, U. and Hoang, H. M. and Kielan, D. and Zwieglinski, B. },
   journal={Nuclear Physics, Section A},
   volume={510},
   pages={93},
   year={1990},
   doi={10.1016/0375-9474(90)90289-X},
   URL={http://dx.doi.org/10.1016/0375-9474(90)90289-X}
}

@conference{,
   title="Fast Neutron Cross Sections on Zirconium Isotopes",
   author={Marcinkowski, A. and Stankiewicz, K. and Garuska, U. },
   note={Int.Conf.on Fast Neutr.Phys.,Dubrovnik,26-31 May 1986},
   pages={262},
   year={1986},
   misc={EXFOR.30940:Ref.2}
}

@conference{,
   title="Cross section measurements of neutron induced reactions on the zirconium isotopes in the energy range of 5.4 to 12.3 MeV.",
   author={Raics, P. and Nagy, S. and Szegedi, S. and Kornilov, N. V. and Kagalenko, A. B. },
   note={Conf.on Nucl.Data for Sci.and Technol.,Juelich 1991},
   pages={660},
   year={1991}
}

@article{,
   title="Spin Distribution Factors for Formation of Metastable States of $^{90}$Y and $^{91}$Y Through (n,p) Reactions Over Neutron Energies 5-15 MeV",
   author={Sarkar, R. and Bhoraskar, V. N. },
   journal={Nuclear Physics, Section A},
   volume={633},
   pages={640},
   year={1998},
   doi={10.1016/S0375-9474(98)00813-6},
   URL={http://dx.doi.org/10.1016/S0375-9474(98)00813-6}
}

@article{,
   title="Excitation Functions of Some (n,p) and (n,|a) Reactions from Threshold to 16 MeV",
   author={Doczi, R. and Semkova, V. and Fenyvesi, A. and Yamamuro, N. and Buczko, Cs. M. and Csikai, J. },
   journal={Nuclear Science and Engineering},
   volume={129},
   pages={164},
   year={1998},
   URL={http://www.ans.org/pubs/journals/nse/vv-129}
}

@techreport{,
   title="Investigations on the systematics in (n,a) cross sections at 14.6 MeV",
   author={Grallert, A. and Csikai, J. and Buczko, Cs. M. and Shaddad, I. },
   note={IAEA Nucl.Data Section report to the I.N.D.C.},
   series={INDC(NDS)},
   pages={131},
   year={1993},
   number={286},
   URL={http://www-nds.iaea.org/publications/indc/indc-nds-0000/}
}

@article{,
   title="Improving the Cross Sections of Reactions of Fast Neutrons with $^{90}$Zr and $^{91}$Zr under Formation of Nuclides in an Isomeric State",
   author={Ovechkin, V. V. and Khokhlov, A. E. },
   journal={Atomnaya Energiya},
   volume={60},
   pages={143},
   year={1986}
}

@article{,
   journal={Soviet Atomic Energy},
   volume={60},
   pages={180},
   year={1986},
   doi={10.1007/BF01371187},
   URL={http://dx.doi.org/10.1007/BF01371187},
   misc={EXFOR.40923:Ref.2}
}
