@article{anders1986measurements,
  title={Measurements of 14 MeV neutron activation cross section at KORONA},
  author={Anders, B and Bahal, BM and Pepelnik, R},
  journal={GKSS-85-E-24, Helmholtz-Zentrum Geesthacht},
  year={1986}
}
