@article{bjegun2007cross,
  title={Cross section of (n, p) nuclear reactions on zirconium isotopes},
  author={Bjegun, SV and Dzisyuk, NR and Kadenko, Yi M and Majdanyuk, VK and Primenko, G Yi},
  journal={Yaderna Fyizika ta Energetika},
  pages={42--46},
  year={2007}
}
