@article{doczi1998excitation,
  title={Excitation Functions of Some (n, p) and (n, $\alpha$) Reactions from Threshold to 16 MeV},
  author={Doczi, R and Semkova, V and Fenyvesi, A and Yamamuro, N and Buczko, Cs M and Csikai, J},
  journal={Nuclear science and engineering},
  volume={129},
  number={2},
  pages={164--174},
  year={1998},
  publisher={Taylor \& Francis}
}
