@article{fujino1977activation,
  title={Activation cross sections on zirconium and molybdenum isotopes induced by 14.6 MeV neutrons},
  author={Fujino, Y and Hyakutake, M and Kumabe, I and Fuketa, T and Tamura, T and Kikuchi, S},
  journal={NEANDC (J)-51},
  year={1977}
}
