@article{grallert1993investigations,
  title={INVESTIGATIONS ON THE SYSTEMATICS},
  author={Grallert, A and Csikai, J and Buczktf, Cs M and Shaddad, I},
  journal={IAEA NUCLEAR DATA SECTION, WAGRAMERSTRASSE 5, A-1400 VIENNA},
  pages={131},
  year={1993}
}
