@techreport{ikeda1988activation,
  title={Activation cross section measurements for fusion reactor structural materials at neutron energy from 13.3 to 15.0 MeV using FNS facility},
  author={Ikeda, Yujiro and Konno, Chikara and Oishi, Koji and Nakamura, Tomoo and Miyade, Hiroki and Kawade, Kiyoshi and Yamamoto, Hiroshi and Katoh, Toshio},
  year={1988},
  institution={Japan Atomic Energy Research Inst.}
}
