@article{kapchigashev1965cross,
  title={CROSS SECTIONS OF 1-TO 50,000-ev NEUTRON RADIATIVE CAPTURE BY V, Zr, $ sup 90$ Zr, $ sup 91$ Zr, AND $ sup 94$ Zr NUCLEI},
  author={Kapchigashev, SP},
  journal={At. Energ.(USSR)},
  volume={19},
  year={1965}
}
