@article{levkovskii1970cross,
  title={Cross sections for (n, p) and (n, alpha) reactions with 14.8-MeV neutrons},
  author={Levkovskii, VN and VINITSKA. GP and KOVELSKA. GE and Stepanov, VM},
  journal={SOVIET JOURNAL OF NUCLEAR PHYSICS-USSR},
  volume={10},
  number={1},
  pages={25--+},
  year={1970},
  publisher={AMER INST PHYSICS 1305 WALT WHITMAN RD, STE 300, MELVILLE, NY 11747-4501 USA}
}
