@article{macklin1963isotopic,
  title={Isotopic-neutron-capture cross sections near 30keV},
  author={Macklin, RL},
  journal={Bull. Am. Phys. Soc.},
  volume={8},
  pages={81},
  year={1963}
}
