@inproceedings{molla1991excitation,
  title={Excitation Functions of Some (n, p),(n, 2n) and (n, $\alpha$) Reactions on Nickel, Zirconium and Niobium Isotopes in the Energy Range 13.63-14.83 MeV},
  author={Molla, NI and Miah, RU and Rahman, M and Akhter, Aysha},
  booktitle={Int. Conf. on Nuclear Data for Science and Tech},
  year={1991}
}
