@techreport{osman1996measurement,
  title={Measurement and study of (n, p) reaction cross-sections for Cr, Ti, Ni, Co, Zr and Mo isotopes using 14.7 MeV neutrons},
  author={Osman, Khalda T and Habbani, FI},
  year={1996},
  institution={International Atomic Energy Agency}
}
