@article{ovechkin1986improving,
  title={Improving the cross sections of reactions of fast neutrons with zirconium 90 and zirconium 91 under formation of nuclides in an isomeric state},
  author={Ovechkin, VV and Khokhlov, AE},
  journal={Soviet Atomic Energy},
  volume={60},
  number={2},
  pages={180--181},
  year={1986}
}
