@article{pepelnik1986measurements,
  title={Measurements of 14 MeV neutron activation cross sections},
  author={Pepelnik, Rudolf and Anders, Bernd and Bahal, Beni M},
  journal={Radiation Effects},
  volume={92},
  number={1-4},
  pages={211--214},
  year={1986},
  publisher={Taylor \& Francis}
}
