@inproceedings{raics1992cross,
  title={Cross section measurements of neutron induced reactions on the zirconium isotopes in the energy range of 5.4 to 12.3 MeV},
  author={Raics, P and Nagy, S and Szegedi, S and Kornilov, NV and Kagalenko, AB},
  booktitle={Nuclear Data for Science and Technology},
  pages={660--662},
  year={1992},
  organization={Springer}
}
