@inproceedings{rao1978fluctuations,
  title={Fluctuations in the systematics of (n, 2n) reaction cross sections in the low mass region},
  author={Rao, CV Srinivasa and Das, N Lakshmana and Rao, BV Thirumala and Rao, J Rama},
  booktitle={21st Nuclear Physics and Solid State Physics Symposium},
  volume={2},
  pages={113},
  year={1978},
  organization={Bombay}
}
