@techreport{reed1960absolute,
  title={ABSOLUTE (n, 2n),(n, p $ gamma $), AND (n, $ alpha $$ gamma $) CROSS SECTIONS FOR 14.1-MEV NEUTRONS ON ZIRCONIUM AND THE CALIBRATION OF A CRYSTAL SCINTILLATION SPECTROMETER},
  author={Reed, Clyde Howard},
  year={1960},
  institution={Los Alamos Scientific Lab., N. Mex.}
}
