@article{sailer1977cross,
  title={The Cross sections of (n, 2n),(n, p),(n, $\alpha$) reactions for 14. 8MeV neutrons on isotopes of Cr and Zr},
  author={Sailer, K},
  journal={INDC (SEC)-61},
  volume={55},
  year={1977}
}
