@article{schwerer1976measurements,
  title={Measurements of (n, 2n),(n, p) and (n, a) cross-sections for 14 MeV neutrons, Anz},
  author={Schwerer, O and others},
  journal={Oesterr. Akad. Wiss., Math.-Naturwiss. Kl},
  volume={113},
  pages={153},
  year={1976}
}
