@article{tikku1972nuclear,
  title={Nuclear activation cross sections of (n, p) reactions at 14.7 MeV},
  author={Tikku, VK and Singh, H and Sethi, B},
  journal={IAEA Report INDC (SEC)-35},
  volume={98},
  year={1972}
}
