@article{wagner1980activation,
  title={Activation measurements of neutron capture cross sections at 14.6 MeV and a critical survey of such data in the literature},
  author={Wagner, M and Warhanek, H},
  journal={Acta Physica Austriaca},
  volume={52},
  number={1},
  pages={23--37},
  year={1980}
}
