@techreport{wyrick1982neutron,
  title={Neutron-capture-activation cross sections of 94 96 Zr and 98 100 Mo at thermal and 30 keV energy},
  author={Wyrick, JM and Poenitz, WP},
  year={1982}
}
