@article{NSR2012WA38,
  author="M. {Wang} and G. {Audi} and A. H. {Wapstra} and F. G. {Kondev} and M. {MacCormick} and X. {Xu} and B. {Pfeiffer}",
  title="The AME2012 atomic mass evaluation (II). Tables, graphs and references",
  journal="Chin.Phys.C",
  year=2012,
  volume="36",
  pages="1603"
}
