@techreport{andersson1978absolute,
  title={Absolute measurements of some neutron activiation cross sections in 27 Al, 115 In and 197 Au at 14, 9 MeV},
  author={Andersson, P and Lundberg, S and Magnusson, G},
  year={1978},
  institution={Lund Univ.(Sweden)}
}
