@inproceedings{csikai1983study,
  title={Study of excitation functions around 14 MeV neutron energy},
  author={Csikai, J},
  booktitle={Nuclear Data for Science and Technology},
  pages={414--417},
  year={1983},
  organization={Springer}
}
