@article{garlea1983measurements,
  title={Measurements of Integral Cross Sections at 14 MeV for the Following Reactions: 115In (n, nâ€™), 197Au (n, 2n), 93Nb (n, 2n), 27Al (n, alfa), 56Fe (n, p), 235U (n, f), 239Pu (n, f), 237Np (n, f), 238U (n, f) and 232Th (n, f)},
  author={Garlea, I and Miron, C and Dobrea, D and Roth, C and Musat, T and Rosu, HN},
  journal={Vienna: International Atomic Energy Agency) pp1--19},
  year={1983}
}
