@techreport{garuska1978cross,
  title={Cross-Section Measurements of the (n, a) Reaction at 14.6 MeV Neutron Energy, Rep},
  author={GARUSKA, U and others},
  year={1978},
  institution={INR-1773/I/PL, Institute of Nuclear Research, Warsaw}
}
