@inproceedings{greenwood1987recent,
  title={Recent research in neutron dosimetry and damage analysis for materials irradiations},
  author={Greenwood, Lawrence R},
  booktitle={Influence of Radiation on Material Properties: 13th International Symposium (Part II)},
  year={1987},
  organization={ASTM International}
}
