@techreport{ikeda1991activation,
  title={Activation cross section measurement at neutron energies of 11.0, 12.0 and 13.2 MeV using 1 H (11 B, n) 11 C neutron source at JAERI},
  author={Ikeda, Y and Konno, C and Mizumoto, M and Hasegawa, K and Chiba, S and Yamanouchi, Y and Sugimoto, M},
  year={1991}
}
