@techreport{kudo1985cross,
  title={Cross-section measurements of 56 Fe (n, p) 56 Mn and 27 Al (n, $\alpha$) 24 Na between 14.0 and 19.9 MeV},
  author={Kudo, K and Michikawa, T and Kinoshita, T and Hino, Y and Kawada, Y},
  year={1985}
}
