@article{liskien1966cross,
  title={CROSS SECTIONS FOR CU63 (N, ALPHA) CO60, NI60 (N, P) C060 AND SOME OTHER THRESHOLD REACTIONS USING NEUTRONS FROM BE9 (ALPHA, N) C12 REACTION},
  author={Liskien, H and Paulsen, A},
  journal={Nukleonik},
  volume={8},
  number={6},
  pages={315},
  year={1966}
}
