@techreport{mannhart2007measurement,
  title={Measurement of neutron activation cross sections in the energy range from 8 MeV to 15 MeV},
  author={Mannhart, Wolf and Schmidt, Dankwart},
  year={2007},
  institution={Physikalisch-Technische Bundesanstalt}
}
