@article{ninomiya2011cross,
  title={Cross sections of 7Be, 22Na and 24Na for geochemical and cosmochemical important elements by monoenergetic 287 and 370 MeV neutrons},
  author={Ninomiya, K and Omoto, T and Nakagaki, R and Takahashi, N and Shinohara, A and Sekimoto, S and Utsunomiya, T and Yashima, H and Shibata, S and Shima, T and others},
  journal={Proceedings in Radiochemistry A Supplement to Radiochimica Acta},
  volume={1},
  number={1},
  pages={123--126},
  year={2011},
  publisher={Oldenbourg Wissenschaftsverlag GmbH}
}
