@article{nordborg1978gamma,
  title={Gamma-ray production cross sections of neutron-induced reactions in oxygen},
  author={Nordborg, C and Nilsson, L and Conde, H and Str{\"o}mberg, LG},
  journal={Nuclear Science and Engineering},
  volume={66},
  number={1},
  pages={75--83},
  year={1978},
  publisher={Taylor \& Francis}
}
