@techreport{swinhoe1979measurements,
  title={Measurements of MeV Neutron Cross-Sections by Activation, Rep},
  author={SWINHOE, MT and UTTLEY, CA},
  year={1979},
  institution={AERE-PR/NP-26, UKAEA, Atomic Energy Research Establishment, Harwell}
}
