@techreport{tewes1960excitation,
  title={Excitation functions of neutron-induced reactions},
  author={Tewes, HA and Caretto, AA and Miller, AE and Nethaway, DR},
  year={1960},
  institution={California Univ., Livermore (USA). Lawrence Livermore Lab.}
}
