@techreport{uno1997measurement,
  title={Measurement of activation cross sections for the neutron dosimetry at an energy range from 17.5 to 30 MeV by using 7 Li (p, n) quasi-monoenergetic neutron source. 2},
  author={Uno, Y and Meigo, S and Chiba, S and Fukahori, T and Kasugai, Y and Iwamoto, O and Ikeda, Y},
  year={1997}
}
