@article{uwamino1992measurement,
  title={Measurement of neutron activation cross sections of energy up to 40 MeV using semimonoenergetic p-Be neutrons},
  author={Uwamino, Yoshitomo and Sugita, Hiroshi and Kondo, Yuhri and Nakamura, Takashi},
  journal={Nuclear science and engineering},
  volume={111},
  number={4},
  pages={391--403},
  year={1992},
  publisher={Taylor \& Francis}
}
