@article{welch1981neutron,
  title={Neutron Activation Cross Section on Al, 12C, and Pb with 20-26 MeV Monoenergetic Neutrons},
  author={Welch, P and Johnson, J and Randers-Pehrson, G and Rapaport, J},
  journal={Bull. Am. Phys. Soc},
  volume={26},
  number={5},
  pages={708},
  year={1981}
}
