@article{zhou1987shell,
  title={Shell effect from the cross section of the (n, 2n) reaction produced by 14.6 MeV neutron},
  author={Zhou, Muyao and Zhang, Yongfa and Wang, Chuanshan},
  journal={Chinese Journal of Nuclear Physics},
  volume={9},
  number={1},
  pages={34--39},
  year={1987}
}
