@article{araminowicz1973investigation,
  title={Investigation of the (n, 2n) Reaction with 14.6 MeV Neutrons},
  author={Araminowicz, J and Dresler, J},
  journal={Institute of Badan Jadr.(Nuclear Research), Swierk and Warsaw, Reports},
  volume={1464},
  pages={14},
  year={1973}
}
