@techreport{barrall1969high,
  title={High energy neutron cross section validation and neutron flux spectrum using the HENRE source},
  author={Barrall, Raymond C and Holmes, John A and Silbergeld, Mae},
  year={1969},
  institution={STANFORD UNIV CA}
}
