@article{chen1995measurement,
  title={Measurement of 64 Zn (n, $\gamma$) 65 Zn cross section},
  author={Chen, Jinxiang and Shi, Zhaomin and Tang, Guoyou},
  journal={Chinese Journal of Nuclear Physics},
  volume={17},
  number={4},
  pages={342--344},
  year={1995}
}
