@article{clator1969neutron,
  title={Neutron Induced Reactions Between 14.4 and 16.7 Mev.},
  author={Clator, Irvin Garrett},
  year={1969}
}
