@article{garlea1986measurement,
  title={MEASUREMENT OF INTEGRAL CROSS-SECTIONS OF (N, P) AND (N, ALPHA) REACTIONS FOR MO-98, ZN-64, CO-59, FE-54 AND NB-93 ISOTOPES, AT 14.8 MEV},
  author={Garlea, I and MIRONGARLEA, Chr and ROSU, HN and Raducu, V},
  journal={Revue Roumaine de Physique},
  volume={31},
  number={2},
  pages={149--153},
  year={1986},
  publisher={EDITURA ACADEMIEI ROMANE CALEA VICTORIEI 125, BUCHAREST 79717, ROMANIA}
}
