@inproceedings{garuska1980cross,
  title={Cross Section Measurements of the (n, $\alpha$) Reaction at E (n)= 14.6 MeV},
  author={GARUSKA, U and DRESLER, J and MALECKI, H},
  booktitle={Proc. All Union Conf. Neutron Physics},
  pages={15--19},
  year={1980}
}
