@techreport{heath1964scintillation,
  title={SCINTILLATION SPECTROMETRY. GAMMA-RAY SPECTRUM CATALOGUE. Volume 2 of 2},
  author={Heath, RL},
  year={1964},
  institution={Phillips Petroleum Co. Atomic Energy Div., Idaho Falls, Idaho}
}
