@article{king1979cross,
  title={Cross-section measurement for the reaction Zn-64 (n, p) Cu-64},
  author={King, C and Ai, C and Chou, J},
  journal={Nuclear Science, Taiwan},
  volume={16},
  number={6},
  year={1979}
}
