@article{kong1992cross,
  title={The cross section measurements for the 67 Zn (n, p) 67 Cu and 66 Zn (n, 2n) 65 Zn reactions},
  author={Kong, Xiangzhong and Wang, Yongchang and Yuan, Junqian and Yang, Jingkang and Shui, Yongqing},
  journal={Journal of Lanzhou University, Natural Sciences},
  volume={28},
  number={2},
  pages={99--102},
  year={1992}
}
