@article{konno1993activation,
  title={Activation cross section measurements at neutron energy from 13.3 to 14.9 MeV},
  author={Konno, C and Ikeda, Y and Oishi, K and Kawade, K and Yamamoto, H and Maekawa, H},
  journal={JAERI reports},
  volume={1329},
  year={1993}
}
