@article{levkovskii1964empirical,
  title={Empirical behavior of the (n, p) cross section for 14--15 MeV neutrons},
  author={Levkovskii, VN},
  journal={Soviet Phys. JETP},
  volume={18},
  pages={213},
  year={1964}
}
