@article{lu1991activation,
  title={Activation cross sections of Zn and Zr for 13-18 MeV neutrons},
  author={Lu, Hanlin and Zhao, Wenrong and Yu, Weixiang},
  journal={Chinese Journal of Nuclear Physics},
  volume={3},
  number={1},
  pages={11--16},
  year={1991}
}
