@article{nemilov1978cross,
  title={Cross-sections of (n, p) reactions on Ni-58, Fe-56 and Zn-64 isotopes at neutron energies 7.6-9.3 MeV},
  author={Nemilov, Yu A and Trofimov, Yu N},
  journal={Yad. Fiz},
  volume={26},
  pages={25},
  year={1978}
}
