@inproceedings{paulsen1967cross,
  title={Cross-sections for some (n, p) reactions near threshold},
  author={Paulsen, A and Liskien, H},
  booktitle={Nuclear data for reactors. Proceedings of a conference on nuclear data-microscopic cross-sections and other data basic for reactors. V. 1},
  year={1967}
}
