@techreport{qaim1971activation,
  title={ACTIVATION CROSS SECTIONS OF FAST NEUTRON INDUCED NUCLEAR REACTIONS: PRECISION MEASUREMENTS AND SYSTEMATICS.},
  author={Qaim, SM and Wolfle, R and Stocklin, G},
  year={1971},
  institution={Kernforschungsanlage, Juelich, Ger.}
}
