@techreport{qaim1974measurement,
  title={Measurement and systematics of cross sections for common and low yield 14 MeV neutron induced nuclear reactions on structural FR-material and transmuted species},
  author={Qaim, SM and St{\"o}cklin, G},
  year={1974}
}
