@article{schuman1970activation,
  title={Activation Cross Section Measurements Using the 2.0 keV Sc Filtered and 25 keV Fe Filtered Neutron Beams},
  author={Schuman, RP and Tromp, RL},
  journal={USAEC Rep. IN-1317 (. 1970)},
  year={1970}
}
