@article{sigg1976fast,
  title={Fast neutron induced reaction cross sections and their systematics},
  author={Sigg, Raymond A},
  year={1976}
}
