@article{soewarsono19923,
  title={3.18 NEUTRON ACTIVATION CROSS SECTION MEASUREMENT FROM'Li (pn) IN THE PROTON ENERGY REGION OF 2 () MeV TO 4 () MeV},
  author={Soewarsono, Titik S and Uwamino, Y and Nakamura, T},
  journal={Japan Atomic Energy Research institute},
  pages={354},
  year={1992},
  publisher={Citeseer}
}
