@inproceedings{trofimov1987neutron,
  title={Neutron radiation capture cross-sections for nuclei of medium and large masses at the neutron energy 1 MeV},
  author={Trofimov, Yu N},
  booktitle={Neutron Physics (Proc. Conf. Kiev, 1987)},
  volume={3},
  year={1987}
}
