@article{valkonen1976studies,
  title={Studies of 14 MeV neutron activation cross sections with special reference to the capture reaction},
  author={Valkonen, Mikko},
  year={1976}
}
