@techreport{barreira1982measurements,
  title={Measurements of neutron activation cross-sections at 14.4 MeV for 68 Zn and 90 Zr},
  author={Barreira, Filho and Fanger, HU and others},
  year={1982},
  institution={GKSS-Forschungszentrum Geesthacht GmbH}
}
