@inproceedings{casanova1976measurement,
  title={Measurement of the\~{} n, p!,\~{} n, alpha!,\~{} n, 2n! Cross Sections of Zn, Ga, Ge, As, and Se For 14.1 MeV Neutrons, and\~{} n, p! Cross Sections Analysis},
  author={Casanova, JL and Sanchez, ML},
  booktitle={Anales de Fisica y Quimica},
  volume={72},
  pages={186},
  year={1976}
}
