@inproceedings{corte1988compilation,
  title={A compilation of accurately measured 2200 ms-1 Cross-sections for 101 (n, $\gamma$) reactions of interest in activation analysis},
  author={Corte, F de and Simonits, A},
  booktitle={Nuclear data for science and technology},
  year={1988}
}
