@techreport{dovbenko1974studying,
  title={Studying into the Zn 68 (n, $\gamma$) Znsup (69 g, m) reaction},
  author={Dovbenko, AG and Zaikin, GG and Ignatyuk, AV and Korzh, IA and Sklyar, NT and Tolstikov, VA},
  year={1974}
}
