@inproceedings{ercan199214,
  title={14.6 MeV Neutron induced reaction cross-section measurements},
  author={Ercan, A and Erduran, MN and Suba{\c{s}}i, M and Gueltekin, E and Tarcan, G and Baykal, A and Bostan, M},
  booktitle={Nuclear Data for Science and Technology},
  pages={376--377},
  year={1992},
  organization={Springer}
}
