@article{filatenkov2016neutron,
  title={Neutron activation cross sections measured at KRI in neutron energy region 13.4-14.9 MeV},
  author={Filatenkov, AA},
  journal={INDC (CCP)-0460, International Nuclear Data Committee, Austria},
  year={2016}
}
