@article{garlea1992integral,
  title={Integral neutron cross sections measured around 14 MeV},
  author={Garlea, I and Miron-Garlea, CHR and Rosu, HN and Fodor, G and Raducu, V},
  journal={Romanian Journal of Physics},
  volume={37},
  number={1},
  pages={19--25},
  year={1992}
}
