@inproceedings{herman1980cross,
  title={Cross Sections for the Fast Neutron Induced Reactions on Si and Zn Isotopes},
  author={Herman, M and Marcinkowski, A and Dresler, J and Garuska, U},
  booktitle={Proc. All Union Conf. Neutron Physics},
  pages={15--19},
  year={1980}
}
