@article{hogg1970reactor,
  title={Reactor Thermal-Neutron Cross Sections of 64-Zn, 68-Zn, 121-Sb, 123-Sb, 55-Mn, and 186-W},
  author={Hogg, CH and Wilson, WL},
  journal={Idaho Nucl. Corp. Rep},
  volume={1317},
  pages={53},
  year={1970}
}
