@article{ikeda1990activation,
  title={Activation cross section measurement at a neutron energy range from 2. 1 to 3. 0 MeV by Dd neutron source at FNS},
  author={Ikeda, Y},
  journal={NEANDC (J)-155},
  volume={11},
  year={1990}
}
