@article{kayashima1979activation,
  title={Activation Cross Section on Ti, Mn, Cu, Zn, Sr, Y, Cd, In and Te for 14.6 Neutrons},
  author={Kayashima, K and Nagao, A and Kumabe, I},
  journal={NEANDC (J)-61U},
  pages={94},
  year={1979},
  publisher={Organisation for Economic Co-operation and Development Nuclear Energy Agency~â€¦}
}
