@article{kjelberg1966cross,
  title={Cross Sections of Some (n, p) and (n, $\alpha$) Reactions Induced by 14.8 MeV Neutrons},
  author={Kjelberg, A and Pappas, AC and Steinnes, E},
  journal={Radiochimica Acta},
  volume={5},
  number={1},
  pages={28--30},
  year={1966},
  publisher={OLDENBOURG WISSENSCHAFTSVERLAG}
}
