@techreport{molla1994cross,
  title={Cross sections of (n, p),(n,$\{$alpha$\}$), and (n, 2n) processes on scandium, vanadium, cobalt, copper and zinc isotopes in the energy range 13.57-14.71 MeV},
  author={Molla, NI and Miah, RU and Basunia, S and Hossain, SM and Rahman, M},
  year={1994},
  institution={American Nuclear Society, Inc., La Grange Park, IL (United States)}
}
