@article{paulsen1975cross,
  title={Cross-sections of (n, 2n) reactions for Ti 46, Zn 66, In 115 and Au 197},
  author={Paulsen, A and Liskien, H and Widera, R},
  journal={Atomkernenergie},
  volume={26},
  number={1},
  pages={34--36},
  year={1975}
}
