@article{paulsen1965excitation,
  title={Excitation functions for the reactions Ni58 (n, 2n) Ni57, Cu65 (n, 2n) Cu64 and Zn64 (n, 2n) Zn63 in the energy range 12.6 to 19.6 MeV},
  author={Paulsen, VA and Liskien, H},
  journal={Nukleonik},
  volume={7},
  pages={117},
  year={1965}
}
