@inproceedings{ranakumar196814,
  title={14-MEV NEUTRON CROSS SECTIONS OF SILICON AND ZINC ISOTOPES},
  author={Ranakumar, N and Kondaiah, E and Fink, RW},
  booktitle={BULLETIN OF THE AMERICAN PHYSICAL SOCIETY},
  volume={13},
  number={4},
  pages={602--+},
  year={1968},
  organization={AMER INST PHYSICS 1305 WALT WHITMAN RD, STE 300, MELVILLE, NY 11747-4501 USA}
}
