@article{rao1982n,
  title={(n, $\alpha$) and (n, p) Cross Sections in Some Se and Zn Isotopes at 14 MeV},
  author={Rao, CV Srinivasa and Das, N Lakshmana and Rao, BV Thirumala and Rao, J Rama},
  journal={Current Science},
  volume={51},
  number={9},
  pages={466--468},
  year={1982},
  publisher={JSTOR}
}
