@article{rutherford1988theoretical,
  title={Theoretical and experimental cross sections for neutron reactions on 64 Zinc},
  author={Rutherford, Debra Ann},
  year={1988}
}
