@article{trofimov1987activation,
  title={Activation cross-sections for 31 nuclei at the neutron energy 2MeV},
  author={Trofimov, Yu N},
  journal={Yadernye Konstanty},
  year={1987}
}
