@inproceedings{viennot1983excitation,
  title={Excitation functions of (N, P) reactions in the region 13.75 to 15 MeV for Ti, Fe and Ni isotopes},
  author={Viennot, M and Haddou, A Ait and Chiadli, A and Pai{\'c}, G},
  booktitle={Nuclear Data for Science and Technology},
  pages={406--408},
  year={1983},
  organization={Springer}
}
