@article{vinitskaya1967cross,
  title={Cross sections of the (n, p) and (n, a) reactions at neutron energy 14.8 MeV},
  author={Vinitskaya, GP and Levkovskiy, VN and Sokolskiy, VV and Kazachevskiy, IV},
  journal={Yadernaya Fizika},
  volume={5},
  number={6},
  pages={1175},
  year={1967}
}
