@article{wenusch1962n,
  title={â€˜(n, 2n) Cross-Section Measurements on Mn-55, Co-59, Cr-52, Fe-56, and Zn-68 for 14 MeV Neutrons},
  author={Wenusch, R and Vonach, H and others},
  journal={Oesterr. Akad. Wiss., Math-Naturw. Kl., Anzeiger},
  volume={99},
  pages={1},
  year={1962}
}
