@inproceedings{buczko1992cross,
  title={Cross Sections of 113 In (n, nâ€™) 113m In and 113 In (n, 2n) 112m, g In Reactions around 2 and 14 MeV Neutron Energies},
  author={Buczko, Cs M and Csikai, J and Chimoye, T and Jimba, BW},
  booktitle={Nuclear Data for Science and Technology},
  pages={656--659},
  year={1992},
  organization={Springer}
}
