@inproceedings{chatterjee1969absolute,
  title={ABSOLUTE (n, 2n) CROSS SECTIONS OF NUCLEI NEAR 14 MeV.},
  author={Chatterjee, Arun and Nath, A and Ghose, AM},
  booktitle={pp 117-21 of Proceedings of the Nuclear Physics and Solid State Physics Symposium, Univ. of Roorkee, December 28--31, 1969. Vol. II. Bombay Dept. of Atomic Energy (1969).},
  year={1969},
  organization={Bose Inst., Calcutta}
}
