@techreport{kawade1990measurement,
  title={Measurement of formation cross sections of short-lived nuclei by 14 MeV neutrons-Mg, Si, S, Cl, Cr, Zn, Ga, Y, In},
  author={Kawade, Kiyoshi and Yamamoto, Hiroshi and Yamada, Takashi and Katoh, Toshio and Iida, Toshiyuki and Takahashi, Akito},
  year={1990},
  institution={Japan Atomic Energy Research Inst.}
}
