@article{ke1989researches,
  title={Researches on Excitation Function of in (n, x) Reactions},
  author={Ke, Wei and Zhao, Wenrong and Yu, Weixiang and Yuan, Xialin and Lu, Hanlin},
  journal={Chinese Journal of Nuclear Physics},
  volume={11},
  number={3},
  pages={11--16},
  year={1989}
}
