@article{konno1990activation,
  title={Activation cross section measurements at neutron energy from 13.3 MeV to 15.0 MeV for 84Sr, 113In, 115In, 178Hf, 179Hf and 180Hf},
  author={Konno, C and Ikeda, Y and Nakamura, T},
  journal={Japanese report to NEANDC},
  volume={15},
  pages={155},
  year={1990}
}
