@article{li1988measurements,
  title={Measurements of the cross sections of the reactions 115 In (n, 2n) 114m In and 113 In (n, 2n) 112m In},
  author={Li, Jiawei and Wu, Zhihua and Wu, Songmao and Song, Linggen and You, Junsheng},
  journal={Chinese Journal of Nuclear Physics},
  volume={10},
  number={1},
  pages={52--58},
  year={1988}
}
