@inproceedings{reggoug1983measurement,
  title={Measurement of Reaction Cross-Section Ratios of Some Neutron Reactions Using Gamma and X-Ray Spectrometry},
  author={Reggoug, A and Pai{\'c}, G and Chiadli, A},
  booktitle={Nuclear Data for Science and Technology},
  pages={873--874},
  year={1983},
  organization={Springer}
}
