@techreport{temperley1970neutron,
  title={Neutron activation cross sections for some isotopes of Ruthenium, Palladium, Indium, Tin, and Iridium},
  author={Temperley, Judith K and Barnes, Donald E},
  year={1970},
  institution={BALLISTIC RESEARCH LABS ABERDEEN PROVING GROUND MD}
}
